@ONLINE{Stepik,
	author = {mgr. Mateusz Miotk},
    title = {Technologie Chmurowe},
    year = {2024},
    url ={https://stepik.org/course/139221/syllabus}
}

